<?xml version="1.0" encoding="UTF-8"?><record xmlns="http://www.loc.gov/MARC21/slim" xmlns:cinclude="http://apache.org/cocoon/include/1.0" xmlns:zs="http://www.loc.gov/zing/srw/">
  <leader>00787cz  a2200193n  4500</leader>
  <controlfield tag="001">n  85207957 </controlfield>
  <controlfield tag="003">DLC</controlfield>
  <controlfield tag="005">20100516081014.0</controlfield>
  <controlfield tag="008">860225n| acannaabn          |n ana      </controlfield>
  <datafield tag="010" ind1=" " ind2=" ">
    <subfield code="a">n  85207957 </subfield>
  </datafield>
  <datafield tag="034" ind1=" " ind2=" ">
    <subfield code="d">E0130200</subfield>
    <subfield code="e">E0130200</subfield>
    <subfield code="f">N0540700</subfield>
    <subfield code="g">N0540700</subfield>
    <subfield code="2">other</subfield>
  </datafield>
  <datafield tag="035" ind1=" " ind2=" ">
    <subfield code="a">(OCoLC)oca01517413</subfield>
  </datafield>
  <datafield tag="040" ind1=" " ind2=" ">
    <subfield code="a">DLC</subfield>
    <subfield code="b">eng</subfield>
    <subfield code="c">DLC</subfield>
    <subfield code="d">DLC</subfield>
    <subfield code="d">OCoLC</subfield>
  </datafield>
  <datafield tag="043" ind1=" " ind2=" ">
    <subfield code="a">e-gx---</subfield>
  </datafield>
  <datafield tag="151" ind1=" " ind2=" ">
    <subfield code="a">Grimmen (Germany : Landkreis)</subfield>
  </datafield>
  <datafield tag="670" ind1=" " ind2=" ">
    <subfield code="a">Hermann Haack Geographisch-Kartographische Anstalt Gotha. Kreis Grimmen, Massstab 1:100 000, 1983.</subfield>
  </datafield>
  <datafield tag="670" ind1=" " ind2=" ">
    <subfield code="a">BGN, 1/16/86</subfield>
    <subfield code="b">(Landkreis Grimmen [Grimmen=brief], adm. div., 54°07ʹN, 13°02ʹE, E. Ger.)</subfield>
  </datafield>
  <datafield tag="670" ind1=" " ind2=" ">
    <subfield code="a">BGN gaz., E. Ger., 1983</subfield>
    <subfield code="b">(Grimmen [brief], Landkreis, ADM2, 54°07ʹN, 13°02ʹE, in Rostock; cites 1 other as ppl)</subfield>
  </datafield>
  <datafield tag="781" ind1=" " ind2="0">
    <subfield code="z">Germany</subfield>
    <subfield code="z">Grimmen (Landkreis)</subfield>
  </datafield>
</record>